<record><leader>00000cas a2200000 a 4500</leader><controlfield tag="001">9510687</controlfield><controlfield tag="008">830514d18961916nyudr ne      0    0eng c</controlfield><datafield ind1=" " ind2=" " tag="010"><subfield code="a">sn 83030429 </subfield></datafield><datafield ind1=" " ind2=" " tag="040"><subfield code="a">NPU</subfield><subfield code="b">eng</subfield><subfield code="c">NPU</subfield><subfield code="d">DLC</subfield><subfield code="d">YOX</subfield><subfield code="d">MFN</subfield><subfield code="d">YOX</subfield><subfield code="d">NYS</subfield><subfield code="d">CRL</subfield><subfield code="d">NYG</subfield><subfield code="d">NVF</subfield><subfield code="d">NYS</subfield><subfield code="d">DLC</subfield><subfield code="d">KRTAS</subfield><subfield code="d">OCLCQ</subfield><subfield code="d">DLC</subfield><subfield code="d">OCLCF</subfield><subfield code="d">OCLCO</subfield></datafield><datafield ind1="1" ind2=" " tag="029"><subfield code="a">AU@</subfield><subfield code="b">000021676390</subfield></datafield><datafield ind1=" " ind2=" " tag="042"><subfield code="a">pcc</subfield></datafield><datafield ind1=" " ind2=" " tag="043"><subfield code="a">n-us-ny</subfield></datafield><datafield ind1="0" ind2="0" tag="050"><subfield code="a">Newspaper</subfield></datafield><datafield ind1="0" ind2=" " tag="130"><subfield code="a">New York press (New York, N.Y. : 1896)</subfield></datafield><datafield ind1="1" ind2="4" tag="245"><subfield code="a">The New York press.</subfield></datafield><datafield ind1=" " ind2=" " tag="260"><subfield code="a">New York [N.Y.] :</subfield><subfield code="b">Frank A. Hunsey,</subfield><subfield code="c">1896-1916.</subfield></datafield><datafield ind1=" " ind2=" " tag="300"><subfield code="a">21 v. :</subfield><subfield code="b">ill. ;</subfield><subfield code="c">58 cm.</subfield></datafield><datafield ind1=" " ind2=" " tag="310"><subfield code="a">Daily</subfield></datafield><datafield ind1="0" ind2=" " tag="362"><subfield code="a">Vol. 9, no. 3,046 (Apr. 2, 1896)-v. 29, no. 10,441 (July 2, 1916).</subfield></datafield><datafield ind1=" " ind2=" " tag="530"><subfield code="a">Available on microfilm from the New York Public Library.</subfield></datafield><datafield ind1=" " ind2=" " tag="580"><subfield code="a">Weekly ed.: New York weekly press, 1896-1901.</subfield></datafield><datafield ind1=" " ind2="0" tag="651"><subfield code="a">New York (N.Y.)</subfield><subfield code="v">Newspapers.</subfield></datafield><datafield ind1=" " ind2="0" tag="651"><subfield code="a">New York County (N.Y.)</subfield><subfield code="v">Newspapers.</subfield></datafield><datafield ind1=" " ind2="7" tag="655"><subfield code="a">Newspapers.</subfield><subfield code="2">fast</subfield><subfield code="0">(OCoLC)fst01423814</subfield></datafield><datafield ind1=" " ind2="7" tag="651"><subfield code="a">New York (State)</subfield><subfield code="z">New York.</subfield><subfield code="2">fast</subfield><subfield code="0">(OCoLC)fst01204333</subfield></datafield><datafield ind1=" " ind2="7" tag="651"><subfield code="a">New York (State)</subfield><subfield code="z">New York County.</subfield><subfield code="2">fast</subfield><subfield code="0">(OCoLC)fst01234953</subfield></datafield><datafield ind1=" " ind2=" " tag="752"><subfield code="a">United States</subfield><subfield code="b">New York</subfield><subfield code="c">New York</subfield><subfield code="d">New York.</subfield></datafield><datafield ind1="1" ind2=" " tag="775"><subfield code="t">New York weekly press</subfield><subfield code="w">(DLC)sn 85042521</subfield><subfield code="w">(OCoLC)12620943</subfield></datafield><datafield ind1="0" ind2="0" tag="780"><subfield code="t">Press (New York, N.Y. : 1887)</subfield><subfield code="w">(DLC)sn 83030441</subfield><subfield code="w">(OCoLC)9521789</subfield></datafield><datafield ind1="0" ind2="7" tag="785"><subfield code="t">Sun (New York, N.Y. : 1833)</subfield><subfield code="x">1940-7831</subfield><subfield code="w">(DLC)sn 83030272</subfield><subfield code="w">(OCoLC)9406339</subfield></datafield><datafield ind1="0" ind2="7" tag="785"><subfield code="t">Sun and New York press</subfield><subfield code="x">2330-3824</subfield><subfield code="w">(DLC)sn 83030430</subfield><subfield code="w">(OCoLC)9510701</subfield></datafield><datafield ind1=" " ind2=" " tag="938"><subfield code="a">Kirtas Technologies, Inc.</subfield><subfield code="b">KRTS</subfield><subfield code="n">736668</subfield></datafield></record>